@book{Kohonen,
  Author = {Teuvo Kohonen},
  Title = {Self-Organizing Maps},
  Publisher = {Springer},
  Year = {2000},
  ISBN = {3540679219},
}

@book{Braga,
 Author = {BRAGA A. P.; LUDERMIR T. B.; CARVALHO, A. P.},
 Title = {Redes Neurais Artificiais: Teoria e Aplicações. 2 ed.},
 Publisher = {LTC},
 Year = {2007},
 address = {Rio de Janeiro},
 ISBN = {9788521615644}
}

@book{Haykin,
 title={Redes Neurais: Princípios e Prática. 2 ed.},
 author = {Haykin, Simon},
 isbn={9788573077186},
 year={2001},
 publisher = {Bookman},
 address = {Porto Alegre},
 isbn = {9788573077186}
}